<?xml version="1.0" encoding="UTF-8"?><record xmlns="http://www.loc.gov/MARC21/slim" xmlns:cinclude="http://apache.org/cocoon/include/1.0" xmlns:zs="http://www.loc.gov/zing/srw/">
  <leader>00346cz  a2200133n  4500</leader>
  <controlfield tag="001">n  98037765 </controlfield>
  <controlfield tag="003">DLC</controlfield>
  <controlfield tag="005">19980422180628.2</controlfield>
  <controlfield tag="008">980422n| acannaab|          |n aaa |||  </controlfield>
  <datafield tag="010" ind1=" " ind2=" ">
    <subfield code="a">n  98037765 </subfield>
  </datafield>
  <datafield tag="040" ind1=" " ind2=" ">
    <subfield code="a">DLC</subfield>
    <subfield code="c">DLC</subfield>
    <subfield code="d">DLC</subfield>
  </datafield>
  <datafield tag="100" ind1="1" ind2="0">
    <subfield code="a">Kernaghan, Lois</subfield>
  </datafield>
  <datafield tag="670" ind1=" " ind2=" ">
    <subfield code="a">Her Court of Probate, 1981?:</subfield>
    <subfield code="b">t.p. (Lois Kernaghan)</subfield>
  </datafield>
  <datafield tag="675" ind1=" " ind2=" ">
    <subfield code="a">Amicus, Apr. 22, 1996</subfield>
  </datafield>
</record>